<record><leader>00000cas a22000007a 4500</leader><controlfield tag="001">12019513</controlfield><controlfield tag="008">850510d19351958cauwr ne      0    0eng d</controlfield><datafield ind1=" " ind2=" " tag="010"><subfield code="a">sn 95063147 </subfield></datafield><datafield ind1=" " ind2=" " tag="040"><subfield code="a">MSH</subfield><subfield code="b">eng</subfield><subfield code="c">MSH</subfield><subfield code="d">CNW</subfield><subfield code="d">MGN</subfield><subfield code="d">NVF</subfield><subfield code="d">ORU</subfield><subfield code="d">OCLCQ</subfield></datafield><datafield ind1=" " ind2=" " tag="042"><subfield code="a">msc</subfield></datafield><datafield ind1="0" ind2="0" tag="245"><subfield code="a">Townsend national weekly.</subfield></datafield><datafield ind1="1" ind2="3" tag="246"><subfield code="a">National Townsend weekly</subfield></datafield><datafield ind1="1" ind2="7" tag="246"><subfield code="a">Townsend weekly</subfield></datafield><datafield ind1=" " ind2=" " tag="260"><subfield code="a">Los Angeles, Calif. :</subfield><subfield code="b">Old Age Revolving Pensions,</subfield><subfield code="c">1935-</subfield></datafield><datafield ind1=" " ind2=" " tag="300"><subfield code="a">24 v.</subfield></datafield><datafield ind1=" " ind2=" " tag="310"><subfield code="a">Weekly</subfield></datafield><datafield ind1="0" ind2=" " tag="362"><subfield code="a">Vol. 1, no. 28 (July 29, 1935)-v. 24, no. 1 (May 31, 1958).</subfield></datafield><datafield ind1=" " ind2=" " tag="500"><subfield code="a">"America's leading liberal newspaper."</subfield></datafield><datafield ind1=" " ind2=" " tag="500"><subfield code="a">Published an Eastern and Western ed.</subfield></datafield><datafield ind1=" " ind2=" " tag="500"><subfield code="a">Published simultaneously in Washington, D.C., July 29-Dec. 23, 1935, and Spencer, Ind., Jan. 6-Feb. 10, 1936, and Indianapolis, Ind., Feb. 17-Nov. 16, 1936.</subfield></datafield><datafield ind1=" " ind2=" " tag="500"><subfield code="a">Published in Chicago, Ill., Nov. 23, 1936-Mar. 7, 1938, Mar. 6, 1943-May 18, 1946, and Mount Morris, Ill., Mar. 14, 1938-Feb. 27, 1943, and Cleveland, Ohio, May 25, 1946-Oct. 20, 1956, and Washington, D.C., Oct. 27, 1956-1958.</subfield></datafield><datafield ind1=" " ind2=" " tag="550"><subfield code="a">Official publication of Old Age Revolving Pensions, Ltd.</subfield></datafield><datafield ind1=" " ind2=" " tag="752"><subfield code="a">United States</subfield><subfield code="b">District of Columbia</subfield><subfield code="d">Washington.</subfield></datafield><datafield ind1=" " ind2=" " tag="752"><subfield code="a">United States</subfield><subfield code="b">California</subfield><subfield code="c">Los Angeles</subfield><subfield code="d">Los Angeles.</subfield></datafield><datafield ind1=" " ind2=" " tag="752"><subfield code="a">United States</subfield><subfield code="b">Indiana</subfield><subfield code="c">Owen</subfield><subfield code="d">Spencer.</subfield></datafield><datafield ind1=" " ind2=" " tag="752"><subfield code="a">United States</subfield><subfield code="b">Indiana</subfield><subfield code="c">Marion</subfield><subfield code="d">Indianapolis.</subfield></datafield><datafield ind1=" " ind2=" " tag="752"><subfield code="a">United States</subfield><subfield code="b">Illinois</subfield><subfield code="c">Cook</subfield><subfield code="d">Chicago.</subfield></datafield><datafield ind1=" " ind2=" " tag="752"><subfield code="a">United States</subfield><subfield code="b">Illinois</subfield><subfield code="c">Ogle</subfield><subfield code="d">Mount Morris.</subfield></datafield><datafield ind1=" " ind2=" " tag="752"><subfield code="a">United States</subfield><subfield code="b">Ohio</subfield><subfield code="c">Cuyahoga</subfield><subfield code="d">Cleveland.</subfield></datafield><datafield ind1="0" ind2="0" tag="780"><subfield code="t">Official Townsend weekly</subfield><subfield code="w">(DLC)sn 95063146</subfield><subfield code="w">(OCoLC)12019542</subfield></datafield><datafield ind1="0" ind2="0" tag="785"><subfield code="t">Townsend plan national courier</subfield><subfield code="w">(DLC)sn 96071077</subfield></datafield><datafield ind1="1" ind2=" " tag="029"><subfield code="a">AU@</subfield><subfield code="b">000025458550</subfield></datafield></record>